<?xml version="1.0" encoding="UTF-8"?><collection xmlns="http://www.loc.gov/MARC21/slim"><record><leader>00540nam--2200157-i-4500</leader><controlfield tag="001">000027564</controlfield><controlfield tag="002">20161230</controlfield><controlfield tag="005">20170127120609</controlfield><controlfield tag="008">060222s1000------------r-----000-0-eng-d</controlfield><datafield ind1=" " ind2=" " tag="080"><subfield code="a">550.8:523.3</subfield></datafield><datafield ind1=" " ind2=" " tag="100"><subfield code="a">Kramer, M. V</subfield></datafield><datafield ind1=" " ind2=" " tag="245"><subfield code="a">Sur la question de l`infuence des erreurs accidentelles des observations sur les resultats de determination des amplitudes et des phases des ondes des marees elastique</subfield></datafield><datafield ind1=" " ind2=" " tag="260"><subfield code="a">Moscou</subfield><subfield code="b">Inst.De Phys.Terrestre Schmidt</subfield><subfield code="c">1964</subfield></datafield><datafield ind1=" " ind2=" " tag="300"><subfield code="a">/2041-2147/p</subfield></datafield><datafield ind1=" " ind2=" " tag="852"><subfield code="a">47943</subfield></datafield><datafield ind1=" " ind2=" " tag="CAT"><subfield code="a">SYS</subfield><subfield code="c">20170127</subfield><subfield code="h">120609</subfield></datafield></record></collection>